@article{miller1976riemann,
  title={Riemann's hypothesis and tests for primality},
  author={Miller, Gary L},
  journal={Journal of computer and system sciences},
  volume={13},
  number={3},
  pages={300--317},
  year={1976},
  publisher={Elsevier}
}

@article{pugh1990skip,
  title={Skip lists: a probabilistic alternative to balanced trees},
  author={Pugh, William},
  journal={Communications of the ACM},
  volume={33},
  number={6},
  pages={668--676},
  year={1990},
  publisher={ACM New York, NY, USA}
}

@article{bloom1970space,
  title={Space/time trade-offs in hash coding with allowable errors},
  author={Bloom, Burton H},
  journal={Communications of the ACM},
  volume={13},
  number={7},
  pages={422--426},
  year={1970},
  publisher={ACM New York, NY, USA}
}

@article{flajolet2007hyperloglog,
  title={HyperLogLog: the analysis of a near-optimal cardinality estimation algorithm},
  author={Flajolet, Philippe and Fusy, {\'E}ric and Gandouet, Olivier and Meunier, Fr{\'e}d{\'e}ric},
  journal={Discrete Mathematics and Theoretical Computer Science},
  pages={137--156},
  year={2007}
}

@book{motwani1995randomized,
  title={Randomized algorithms},
  author={Motwani, Rajeev and Raghavan, Prabhakar},
  year={1995},
  publisher={Cambridge university press}
}

@article{hoare1961algorithm,
  title={Algorithm 64: Quicksort},
  author={Hoare, Charles AR},
  journal={Communications of the ACM},
  volume={4},
  number={7},
  pages={321--321},
  year={1961},
  publisher={ACM New York, NY, USA}
}

@article{monte1994monte,
  title={Monte Carlo methods},
  author={Metropolis, Nicholas and Ulam, Stanislaw},
  journal={Journal of the American statistical association},
  volume={44},
  number={247},
  pages={335--341},
  year={1949},
  publisher={Taylor \& Francis}
}